
@book{IRTtext,
	author = {豊田 秀樹},
	title =	{項目反応理論:入門編},
	publisher = {朝倉書店},
	address = {Reading, Massachusetts},
	year = {2007}}
@article{raterdrift,
	author = {TARA M. McNAUGHTON},
	title =	{Rater Stability in a High-Stakes Performance Assessment: A Longitudinal Investigation},
	publisher =	{the Graduate College of theUniversity of Illinois at Chicago},
	year = {2018}}
@article{IRTLord,
	author = {F.M. Lord},
	title = {Applications of item response theory to practical testing problems}, 
	journal = {Routledge},
	year = {1980}}
@article{IRTUtoUeno,
	author = {M. Uto and M. Ueno},
	title =	{Item response theory for peer assessment},
	journal = {IEEE Transactions on LearningTechnologies},
    volume = {9},
    number = {2},
    pages = {157-170},
	year = {2016}}
@article{IRTMatteucci,
	author = {M. Matteucci and L. Stracqualursi},
	title =	{Student assessment via graded response model},
    journal = {Statistica},
	volume = {66},
	number = {4},
	pages =	{435–447},
	year = {2006}}
@article{IRTDeCarlo,
	author = {L.T. DeCarlo},
	title =	{A model of rater behavior in essay grading based on signal detection theory},
	journal = {Journal of Educational Measurement},
	volume = {42},
	number = {1},
	pages =	{53-76},
	year = {2005}}
@article{rash,
	author = {G. Rasch},
	title =	{Probabilistic models for some intelligence and attainment tests},
	journal = {ERIC},
	year = {1993}}
@book{rashbenefit,
	author = {村木 英治},
	title =	{項目反応理論},
    publisher = {朝倉書店},
	year = {2011}}
@book{rashloss,
	author = {豊田 秀樹},
	title = {項目反応理論: 中級編},
	publisher =	{朝倉書店},
	year = {2013}}
@article{PCM,
	author = {G.N. Masters},
	title =	{A rasch model for partial credit scoring},
	journal = {Psychometrika},
	volume = {47},
	number = {2},
	pages =	{149-174},
	year = {1982}}
@article{GPCM,
	author = {E. Muraki},
	title =	{A generalized partial credit model},
	journal = {Handbook of modern item response theory},
	pages =	{153-164},
	year = {1997}}
@article{RSM,
	author = {D. Andrich},
	title =	{A rating formulation for ordered response categories},
	journal = {Psychometrika},
	volume = {43},
	number = {4},
	pages =	{561-573},
	year = {1978}}
@article{raterRash,
    author = {J.M. Linacre},
    title = {Many-faceted rasch measurement},
    year = {1990}
    }
@article{rater2,
    author = {L.T. DeCarlo, Y. Kim, and M.S. Johnson},
    title = {A hierarchical rater model for constructed responses,with a signal detection rater model},
    journal = {Journal of Educational Measurement},
    volume = {48},
    number = {3},
    pages = {333-356},
    year = {2011}
    }
@article{rater3,
    author = {Y. Lu and X. Wang},
    title = {A hierarchical Bayesian framework for Item Response Theory models with applications in ideal point estimation},
    journal = {The society for political methodology, Saint Louis, Missouri},
    year = {2006}
    }
@article{Myford,
    author = {C.M. Myford and E.W. Wolfe},
    title = {Detecting and measuring rater effects using many-facet rasch measurement: Part i},
    journal = {Journal of applied measurement},
    volume = {4},
    number = {4},
    pages = {386-422},
    year = {2003}
    }
@article{RashUsami,
    author = {宇佐美 慧},
    title = {論述式テストの運用における測定論的問題とその対処},
    journal = {日本テスト学会誌},
    volume = {9},
    number = {1},
    pages = {145-164},
    year = {2013}
    }
@article{raterGPCM,
    author = {R.J. Patz and B.W. Junker},
    title = {Applications and extensions of MCMC in IRT: Multiple item types,missing data, and rated responses},
    journal = {Journal of educational and behavioral statistics},
    volume = {24},
    number = {4},
    pages = {342-366},
    year = {1999}
    }
@article{norm,
    author = {J.-P. Fox},
    title = {Bayesian item response modeling: Theory and applications},
    journal = {Springer Science and BusinessMedia},
    year = {2010}
    }
@article{Hoffman,
    author = {M.D. Hoffman and A. Gelman},
    title = {The no-u-turn sampler: adaptively setting path lengths in hamiltonian monte carlo.},
    journal = {J. Mach. Learn. Res},
    volume = {15},
    number = {1},
    pages = {1593-1623},
    year = {2014}
    }
@article{Giroami,
    author = {M. Girolami and B. Calderhead},
    title = {Riemann manifold langevin and hamiltonian monte carlo meth- ods},
    journal = {Journal of the Royal Statistical Society: Series B (Statistical Methodology)},
    volume = {73},
    nnumber = {2},
    pages = {123-214},
    year = {2011}
    }
@article{Patz,
    author = {R.J. Patz and B.W. Junker},
    title = {Applications and extensions of MCMC in IRT: Multiple item types, missing data, and rated responses},
    journal = {Journal of educational and behavioral statistics},
    volume = {24},
    number = {4},
    pages = {342-366},
    year = {1999}
    }
@article{BiasUsami,
    author = {宇佐美慧},
    title = {採点者側と受験者側のバイアス要因の影響を同時に評価する多値型項目反応モデル},
    journal = {教育心理学研究},
    volume = {58},
    number = {2},
    pages = {163-175},
    year = {2010}
    }
@inbook{Rosenthal,
    author = {J. Rosenthal, S. Brooks, A. Gelman, G. Jones, and X. Meng},
    title = {Handbook of markov chain monte carlo},
    chapter = {Optimal Proposal Distributions and Adaptive},
    publisher = {CRC Press},
    address = {Boca Raton, FL},
    volume = {2000},
    pages = {93-112},
    year = {2011}
    }
@article{Neal,
    author = {R.M. Neal, et al.},
    title = {MCMC using hamiltonian dynamics},
    journal = {Handbook of markov chain monte carlo},
    volume = {2},
    number = {11},
    pages = {2},
    year = {2011}
    }
@article{stan,
    author = {B. Carpenter, A. Gelman, M.D. Hoffman, D. Lee, B. Goodrich, M. Betancourt, M. Brubaker, J.Guo, P. Li, and A. Riddell},
    title = {Stan: A probabilistic programming language},
    journal = {Journal of statisticalsoftware},
    volume = {76},
    number = {1},
    pages = {1-32},
    year = {2017}
    }
@article{Luo,
    author = {Y. Luo and H. Jiao},
    title = {Using the stan program for Bayesian item response theory},
    journal = {Educational and psychological measurement},
    volume = {78},
    nnumber = {3},
    pages = {384-408},
    year = {2018}
    }
@article{Jiang,
    author = {Z. Jiang and R. Carter},
    title = {Using hamiltonian monte carlo to estimate the log-linear cognitive diagnosis model via stan},
    journal = {Behavior research methods},
    volume = {51},
    number = {2},
    pages = {651-662},
    year = {2019}
    }
@book{Matsura,
    author = {松浦健太郎},
    title = {Stan と R でベイズ統計モデリング: Wonderful R 2},
    volume = {2},
    publisher = {共立出版},
    year = {2017}
    }
@manual{rstan,
    author = {S.D. Team, et al.},
    title = {Rstan: the r interface to stan. r package version 2.17. 3},
    year = {2018}
    }
@article{RhatRubin,
    author = {A. Gelman, D.B. Rubin, et al.},
    title = {Inference from iterative simulation using multiple sequences},
    journal = {Statistical science},
    volume = {7},
    number = {4},
    pages = {457-472},
    year = {1992}
    }
@article{RhatCarlin,
    author = {A. Gelman, J.B. Carlin, H.S. Stern, D.B. Dunson, A. Vehtari, and D.B. Rubin},
    title = {Bayesian data analysis},
    journal = {CRC press},
    year = {2013}
    }